<record><leader>00000cas a22000007a 4500</leader><controlfield tag="001">9235353</controlfield><controlfield tag="008">830218d18231824meuwr ne      0    0eng  </controlfield><controlfield tag="009">466</controlfield><datafield ind1=" " ind2=" " tag="010"><subfield code="a">sn 83009622 </subfield></datafield><datafield ind1=" " ind2=" " tag="040"><subfield code="a">DLC</subfield><subfield code="b">eng</subfield><subfield code="c">DLC</subfield><subfield code="d">MGN</subfield><subfield code="d">MBN</subfield><subfield code="d">OCL</subfield><subfield code="d">OCLCO</subfield><subfield code="d">OCLCF</subfield></datafield><datafield ind1="1" ind2=" " tag="029"><subfield code="a">AU@</subfield><subfield code="b">000025819859</subfield></datafield><datafield ind1=" " ind2=" " tag="042"><subfield code="a">msc</subfield></datafield><datafield ind1="0" ind2="0" tag="050"><subfield code="a">Newspaper 8007-X</subfield></datafield><datafield ind1="0" ind2=" " tag="130"><subfield code="a">Eastern star (Machias, Me.)</subfield></datafield><datafield ind1="0" ind2="0" tag="245"><subfield code="a">Eastern star.</subfield></datafield><datafield ind1=" " ind2=" " tag="260"><subfield code="a">Machias (East Falls), Me. :</subfield><subfield code="b">J.O. Balch,</subfield></datafield><datafield ind1=" " ind2=" " tag="300"><subfield code="a">v. :</subfield><subfield code="b">ill. (chiefly advertisements) ;</subfield><subfield code="c">50 cm.</subfield></datafield><datafield ind1=" " ind2=" " tag="310"><subfield code="a">Weekly</subfield></datafield><datafield ind1="0" ind2=" " tag="362"><subfield code="a">Vol. 1, no. 1 (Dec. 3, 1823)-v. 1, no. 52 (Nov. 25, 1824).</subfield></datafield><datafield ind1=" " ind2=" " tag="500"><subfield code="a">Independent.</subfield></datafield><datafield ind1=" " ind2=" " tag="500"><subfield code="a">"First newspaper printed in Machias."</subfield></datafield><datafield ind1=" " ind2="0" tag="651"><subfield code="a">Machias (Me.)</subfield><subfield code="v">Newspapers.</subfield></datafield><datafield ind1=" " ind2="7" tag="655"><subfield code="a">Newspapers.</subfield><subfield code="2">fast</subfield><subfield code="0">(OCoLC)fst01423814</subfield></datafield><datafield ind1=" " ind2="7" tag="651"><subfield code="a">Maine</subfield><subfield code="z">Machias.</subfield><subfield code="2">fast</subfield><subfield code="0">(OCoLC)fst01213478</subfield></datafield><datafield ind1=" " ind2=" " tag="752"><subfield code="a">United States</subfield><subfield code="b">Maine</subfield><subfield code="c">Washington</subfield><subfield code="d">Machias.</subfield></datafield><datafield ind1="0" ind2="0" tag="785"><subfield code="t">Eastern star &amp; Washington advertiser</subfield><subfield code="w">(DLC)sn 83009623</subfield></datafield></record>